%% This BibTeX bibliography file was created using BibDesk.
%% http://bibdesk.sourceforge.net/


%% Created for James at 2015-06-13 04:32:44 -0300 


%% Saved with string encoding Unicode (UTF-8) 


@comment{This file has been generated by Pybliographer}



@manual{BibUTFSM2008,
	Address = {Av. Espa{\~n}a 1680},
	Author = {{Comit{\'e} de Coordinaci{\'o}n y Desarrollo Docente}},
	Date-Modified = {2015-06-13 07:29:39 +0000},
	Keywords = {Biblioteca},
	Organization = {UTFSM},
	Title = {Normas Generales para la Presentaci{\'o}n de Memorias de Titulaci{\'o}n},
	Year = 2008}
	
